% EKSEMPLER
@Online{driessen2010git,
  author          = "Vincent Driessen",
  title           = "A successful Git branching model",
  Date            = {2010-01-05},
  urldate         = {2015-03-07},
  url             = "http://nvie.com/posts/a-successful-git-branching-model/"
}

@book{goossens1994latex,
  title={The LaTeX companion},
  author={Goossens, Michel and Mittelbach, Frank and Samarin, Alexander and Souidi, El Mamoun},
  volume={2},
  year={1994},
  publisher={Addison-Wesley Reading, Massachusetts}
}

@article{noyes2008computer,
  title={Computer-vs. paper-based tasks: Are they equivalent?},
  author={Noyes, Jan M and Garland, Kate J},
  journal={Ergonomics},
  volume={51},
  number={9},
  pages={1352--1375},
  year={2008},
  publisher={Taylor \& Francis}
}

%START REELLE KILDER HERUNDER!!!
@Online{Scrum_PO,
  author          = "Roman Pichler",
  title           = "The Scrum Product Owner Role on One Page",
  Date            = {2010-11-01},
  urldate         = {2016-02-25},
  url             = "http://www.romanpichler.com/blog/one-page-product-owner/"
}
@Online{Android_Studio,
  author          = "Google Corporation",
  title           = "Android Studio Overview",
  Date            = {2016-03-02},
  urldate         = {2016-03-02},
  url             = "http://developer.android.com/tools/studio/index.html"
}
@Online{Git,
  author          = "Git",
  title           = "Getting Started - About Version Control",
  Date            = {2016-03-02},
  urldate         = {2016-03-02},
  url             = "http://git-scm.com/book/en/v2/Getting-Started-About-Version-Control"
}
@Online{Jenkins,
  author          = "Larry Shatze",
  title           = "What is Jenkins?",
  Date            = {2016-01-07},
  urldate         = {2016-03-02},
  url             = "https://wiki.jenkins-ci.org/display/JENKINS/Meet+Jenkins"
}

